%% Dedup
@inproceedings{tian2014last,
  title={Last-level cache deduplication},
  author={Tian, Yingying and Khan, Samira M and Jim{\'e}nez, Daniel A and Loh, Gabriel H},
  booktitle={Proceedings of the 28th ACM international conference on Supercomputing},
  pages={53--62},
  year={2014},
  organization={ACM}
}
